<record><leader>00000cas a22000007a 4500</leader><controlfield tag="001">32772721</controlfield><controlfield tag="008">950706d18341835meuwr ne      0    0eng d</controlfield><datafield ind1=" " ind2=" " tag="010"><subfield code="a">sn 95067842 </subfield></datafield><datafield ind1=" " ind2=" " tag="040"><subfield code="a">MBN</subfield><subfield code="b">eng</subfield><subfield code="c">MBN</subfield><subfield code="d">DLC</subfield><subfield code="d">MBN</subfield><subfield code="d">OCLCQ</subfield><subfield code="d">OCLCF</subfield><subfield code="d">OCLCO</subfield></datafield><datafield ind1=" " ind2=" " tag="042"><subfield code="a">msc</subfield></datafield><datafield ind1=" " ind2=" " tag="043"><subfield code="a">n-us-me</subfield></datafield><datafield ind1="0" ind2="0" tag="245"><subfield code="a">Maine enquirer and advertiser.</subfield></datafield><datafield ind1=" " ind2=" " tag="260"><subfield code="a">Bath, Me. :</subfield><subfield code="b">J.S. Swift</subfield></datafield><datafield ind1=" " ind2=" " tag="300"><subfield code="a">v.</subfield></datafield><datafield ind1=" " ind2=" " tag="310"><subfield code="a">Weekly</subfield></datafield><datafield ind1="1" ind2=" " tag="362"><subfield code="a">Began 1834; ceased 1835.</subfield></datafield><datafield ind1=" " ind2=" " tag="588"><subfield code="a">Description based on: New ser., vol. 1, no. 38 (Nov. 28, 1834).</subfield></datafield><datafield ind1=" " ind2="0" tag="651"><subfield code="a">Bath (Me.)</subfield><subfield code="v">Newspapers.</subfield></datafield><datafield ind1=" " ind2="7" tag="655"><subfield code="a">Newspapers.</subfield><subfield code="2">fast</subfield><subfield code="0">(OCoLC)fst01423814</subfield></datafield><datafield ind1=" " ind2="7" tag="651"><subfield code="a">Maine</subfield><subfield code="z">Bath.</subfield><subfield code="2">fast</subfield><subfield code="0">(OCoLC)fst01210217</subfield></datafield><datafield ind1=" " ind2=" " tag="752"><subfield code="a">United States</subfield><subfield code="b">Maine</subfield><subfield code="c">Sagadahoc</subfield><subfield code="d">Bath.</subfield></datafield><datafield ind1="0" ind2="0" tag="780"><subfield code="t">Maine enquirer and Lincoln County advertiser</subfield><subfield code="w">(DLC)sn 85054467</subfield></datafield><datafield ind1="0" ind2="0" tag="785"><subfield code="t">Enquirer and advertiser</subfield><subfield code="w">(DLC)sn 95067848</subfield></datafield></record>